@article{darts,
    author = "Hanxiao Liu and Karen Simonyan and Yiming Yang",
    title = "{DARTS: Differentiable Architecture Search}",
    journal = "ICLR",
    year = "2019",
    url = "https://arxiv.org/abs/1806.09055"
}

@article{snas,
    author = "Sirui Xie and Hehui Zheng and Chunxiao Liu and Liang Lin",
    title = "{SNAS: Stochastic Neural Architecture Search}",
    url = "https://arxiv.org/abs/1812.09926"
}

@article{arch_pred_1,
    author = "Boyang Deng and Junjie Yan and Dahua Lin",
    title = "{Peephole: Predicting Network Performance Before Training}",
    journal = "CoRR",
    year = "2017",
    url = "https://arxiv.org/abs/1712.03351"
}

@article{econas,
    author = "Dongzhan Zhou and Xinchi Zhou and Wenwei Zhang and Chen Change Loy and Shuai Yi and Xuesen Zhang and Wanli Ouyang",
    title = "{EcoNAS: Finding Proxies for Economical Neural Architecture Search}",
    journal = "",
    year = "2020",
    url = "https://arxiv.org/pdf/2001.01233.pdf"
}

@article{amoebanet,
    author = "Esteban Real and Alok Aggarwal and Yanping Huang and Quoc V Le",
    title = "{Regularized Evolution for Image Classifier Architecture Search}",
    journal = "ICML",
    year = "2017",
    url = "https://arxiv.org/abs/1802.01548"
}

@article{acc_pred_1,
    author = "Bowen Baker and Otkrist Gupta and Ramesh Raskar and Nikhil Naik",
    title = "{Accelerating Neural Architecture Search using Performance Prediction}",
    journal = "ICLR",
    year = "2018",
    url = "https://arxiv.org/abs/1705.10823"
}

@article{pnas,
    author = "Chenxi Liu and Barret Zoph and Maxim Neumann and Jonathon Shlens and Wei Hua and Li-Jia Li and Li Fei-Fei and Alan Yuille and Jonathan Huang and Kevin Murphy",
    title = "{Progressive Neural Architecture Search}",
    journal = "ECCV",
    year = "2018",
    url = "https://arxiv.org/abs/1712.00559"
}

@article{lemonade,
    author = "Thomas Elsken and Jan Hendrik Metzen and Frank Hutter",
    title = "{Efficient Multi-objective Neural Architecture Search via Lamarckian Evolution}",
    journal = "ICLR",
    year = "2019",
    url = "https://arxiv.org/abs/1804.09081"
}

@article{nasnet,
    author = "Barret Zoph and Vijay Vasudevan and Jonathon Shlens and Quoc V. Le",
    title = "{Learning Transferable Architectures for Scalable Image Recognition}",
    journal = "CVPR",
    year = "2018",
    url = "https://arxiv.org/abs/1707.07012"
}

@article{learning_curve_1,
    author = "Tobias Domhan and Jost Tobias Springenberg and Frank Hutter",
    title = "{Speeding up Automatic Hyperparameter Optimization of Deep Neural Networks by Extrapolation of Learning Curves}",
    url = "https://ml.informatik.uni-freiburg.de/papers/15-IJCAI-Extrapolation_of_Learning_Curves.pdf"
}

@article{synthetic_samples,
    author = "Aditya Rawal and Joel Lehman and Felipe Petroski Such and Jeff Clune and Kenneth O. Stanley",
    title = "{Synthetic Petri Dish: A Novel Surrogate Model for Rapid Architecture Search}",
    year = "2020",
    url = "https://arxiv.org/abs/2005.13092"
}

boosted darts
@article{snas,
    author = "Sirui Xie and Hehui Zheng and Chunxiao Liu and Liang Lin",
    title = "{SNAS: Stochastic Neural Architecture Search}",
    year = "2019",
    url = "https://arxiv.org/abs/1812.09926",
}

@article{enas, 
    author = "Hieu Pham and Melody Y. Guan and Barret Zoph and Quoc V. Le, Jeff Dean",
    title = "{Efficient Neural Architecture Search via Parameter Sharing}",
    url = "https://arxiv.org/abs/1802.03268"    
}

weight sharing
@article{cars,
    author = "Zhaohui Yang and Yunhe Wang and Xinghao Chen and Boxin Shi and Chao Xu and Chunjing Xu and Qi Tian and Chang Xu",
    title = "{CARS: Continuous Evolution for Efficient Neural Architecture Search}",
    url = "https://arxiv.org/abs/1909.04977"
}

the og
@article{rl_nas,
    author = "Barret Zoph and Quoc V. Le",
    title = "{Neural Architecture Search with Reinforcement Learning}",
    url = "https://arxiv.org/abs/1611.01578"
}

@article{evolved_transformer,
    author = "David R. So and Chen Liang and Quoc V. Le",
    title = "{The Evolved Transformer}",
    url = "https://arxiv.org/abs/1901.11117"
}

@article{multitask_1,
    author = "Jason Liang and Elliot Meyerson and Risto Miikkulainen",
    title = "{Evolutionary Architecture Search For Deep Multitask Networks}",
    year = "2018",
    url = "https://arxiv.org/abs/1803.03745"
}

@article{mnas,
    author = "Mingxing Tan and Bo Chen and Ruoming Pang and Vijay Vasudevan and Mark Sandler and Andrew Howard and Quoc V. Le",
    title = "{MnasNet: Platform-Aware Neural Architecture Search for Mobile}",
    journal = "CVPR",
    year = "2019",
    url = "https://arxiv.org/abs/1807.11626"
}

@article{obj_detection_1,
    author = "Ning Wang and Yang Gao and Hao Chen and Peng Wang and Zhi Tian and Chunhua Shen and Yanning Zhang",
    title = "{NAS-FCOS: Fast Neural Architecture Search for Object Detection}",
    journal = "CVPR",
    year = "2020",
    url = "https://arxiv.org/abs/1906.04423"

}

@article{hardware_darts,
    author = "Bichen Wu and Xiaoliang Dai and Peizhao Zhang and Yanghan Wang and Fei Sun and Yiming Wu and Yuandong Tian and Peter Vajda and Yangqing Jia and Kurt Keutzer",
    title = "{FBNet: Hardware-Aware Efficient ConvNet Design via Differentiable Neural Architecture Search}",
    year = "2019",
    url = "https://arxiv.org/abs/1812.03443"
}